% Referencias Bibliográficas - Formato BibTeX para APA 7

% Documentos de Naciones Unidas
@techreport{naciones_unidas_2015,
    author = {{Naciones Unidas}},
    title = {Transforming our world: The 2030 Agenda for Sustainable Development},
    institution = {United Nations},
    year = {2015},
    address = {New York},
    url = {https://sdgs.un.org/2030agenda}
}

@techreport{naciones_unidas_2000,
    author = {{Naciones Unidas}},
    title = {Declaración del Milenio},
    institution = {United Nations},
    year = {2000},
    address = {New York}
}

@techreport{naciones_unidas_2023,
    author = {{Naciones Unidas}},
    title = {The Sustainable Development Goals Report 2023},
    institution = {United Nations},
    year = {2023},
    address = {New York}
}

% Documentos gubernamentales colombianos
@techreport{gobierno_colombia_2018,
    author = {{Gobierno de Colombia}},
    title = {Estrategia para la implementación de los ODS en Colombia},
    institution = {Departamento Nacional de Planeación},
    year = {2018},
    address = {Bogotá}
}

@techreport{dnp_2019,
    author = {{Departamento Nacional de Planeación}},
    title = {Plan Nacional de Desarrollo 2018-2022: Pacto por Colombia, pacto por la equidad},
    institution = {DNP},
    year = {2019},
    address = {Bogotá}
}

% Documentos del Distrito Capital
@techreport{bogota_plan_desarrollo_2020,
    author = {{Alcaldía Mayor de Bogotá}},
    title = {Plan de Desarrollo Distrital 2020-2024: Un Nuevo Contrato Social y Ambiental para la Bogotá del Siglo XXI},
    institution = {Secretaría Distrital de Planeación},
    year = {2020},
    address = {Bogotá}
}

@techreport{secretaria_planeacion_bogota_2021,
    author = {{Secretaría Distrital de Planeación}},
    title = {Informe de seguimiento al Plan de Desarrollo Distrital 2020-2024},
    institution = {Alcaldía Mayor de Bogotá},
    year = {2021},
    address = {Bogotá}
}

% Libros académicos
@book{anderson_2015,
    author = {Anderson, James E.},
    title = {Public Policymaking: An Introduction},
    publisher = {Cengage Learning},
    year = {2015},
    edition = {8th},
    address = {Boston}
}

@book{autor_administracion_2018,
    author = {García Sánchez, María Isabel},
    title = {Administración Pública y Desarrollo Sostenible},
    publisher = {Universidad Nacional de Colombia},
    year = {2018},
    address = {Bogotá}
}

% Artículos de revista
@article{autor_ejemplo_2020,
    author = {López González, Carlos and Martínez Silva, Ana},
    title = {Implementing the SDGs in European Cities: Challenges and Opportunities},
    journal = {Public Administration Review},
    volume = {80},
    number = {3},
    pages = {425--438},
    year = {2020},
    doi = {10.1111/puar.13156}
}

@article{otro_autor_2019,
    author = {Rodríguez Vargas, Patricia},
    title = {La localización de los ODS en América Latina: Experiencias y desafíos},
    journal = {Revista de Administración Pública},
    volume = {54},
    number = {2},
    pages = {123--145},
    year = {2019}
}

@article{investigador_colombiano_2021,
    author = {Pérez Jiménez, Roberto},
    title = {Marco institucional para la implementación de los ODS en Colombia: Análisis y perspectivas},
    journal = {Revista Colombiana de Sociología},
    volume = {44},
    number = {1},
    pages = {67--89},
    year = {2021},
    doi = {10.15446/rcs.v44n1.85234}
}

@article{grupo_investigacion_2020,
    author = {González Torres, Luis and Ramírez Castro, Sandra and Moreno Díaz, Felipe},
    title = {Incorporación de los ODS en los planes de desarrollo territorial en Colombia},
    journal = {Territorios},
    number = {43},
    pages = {1--28},
    year = {2020},
    doi = {10.12804/revistas.urosario.edu.co/territorios/a.8095}
}

% Informes de organizaciones internacionales
@techreport{banco_mundial_2017,
    author = {{Banco Mundial}},
    title = {Governance and the Law},
    institution = {World Bank},
    year = {2017},
    address = {Washington, D.C.},
    series = {World Development Report}
}

@techreport{cglu_2018,
    author = {{Ciudades y Gobiernos Locales Unidos}},
    title = {La localización de los ODS: Cómo los gobiernos locales y regionales pueden acelerar la transformación hacia sociedades sostenibles e inclusivas},
    institution = {CGLU},
    year = {2018},
    address = {Barcelona}
}

% Documentos históricos
@techreport{brundtland_1987,
    author = {{Comisión Mundial sobre Medio Ambiente y Desarrollo}},
    title = {Nuestro Futuro Común},
    institution = {Naciones Unidas},
    year = {1987},
    address = {Oslo}
}

% Tesis y trabajos de grado
@phdthesis{estudiante_doctoral_2022,
    author = {Vargas Ruiz, Diana Carolina},
    title = {Gestión pública territorial y Objetivos de Desarrollo Sostenible: El caso de las ciudades intermedias en Colombia},
    school = {Universidad Nacional de Colombia},
    year = {2022},
    address = {Bogotá}
}

@mastersthesis{tesista_maestria_2021,
    author = {Hernández López, Andrés Felipe},
    title = {Evaluación de la implementación de políticas públicas orientadas a los ODS en Bogotá 2016-2020},
    school = {Pontificia Universidad Javeriana},
    year = {2021},
    address = {Bogotá}
}

% Recursos web y documentos electrónicos
@misc{dane_2022,
    author = {{DANE}},
    title = {Indicadores ODS Colombia},
    year = {2022},
    url = {https://www.dane.gov.co/index.php/estadisticas-por-tema/ods},
    note = {Consultado el 15 de junio de 2025}
}

@misc{onu_habitat_2020,
    author = {{ONU-Hábitat}},
    title = {Índice de las Ciudades Prósperas: Bogotá},
    year = {2020},
    url = {https://unhabitat.org/bogota-city-prosperity-index},
    note = {Consultado el 10 de junio de 2025}
}
